<?xml version="1.0" encoding="UTF-8"?><collection xmlns="http://www.loc.gov/MARC21/slim"><record><leader>00330nam--2200121-i-4500</leader><controlfield tag="001">000027182</controlfield><controlfield tag="002">20161230</controlfield><controlfield tag="005">20161230201036</controlfield><controlfield tag="008">060222s1000------------r-----000-0-eng-d</controlfield><datafield ind1=" " ind2=" " tag="100"><subfield code="a">Kofoed-hansen, O.And Winther, A</subfield></datafield><datafield ind1=" " ind2=" " tag="245"><subfield code="a">On the coupling constants in beta-decay</subfield></datafield><datafield ind1=" " ind2=" " tag="260"><subfield code="a">Kobenhavn, Ejnar Munksgaard, 1956, 12p</subfield></datafield><datafield ind1=" " ind2=" " tag="852"><subfield code="a">13206</subfield></datafield></record></collection>